@online{Observatorio2013,
	ALTauthor = {Observatório do Mundo do Trabalho e da Educaçãoo Profissional e Tecnológica},
	ALTeditor = {IFG},
	title = {Estudos e pesquisas econômicas, sociais e educacionais sobre as microrregiões do Estado de Goiás},
	date = {2013},
	url = {https://www.ifg.edu.br/attachments/article/493/microrregiao_entorno_de_brasilia.pdf},
	OPTsubtitle = {Microrregião do entorno de Brasília},
	OPTtitleaddon = {Estudos Microrregionais},
	OPTurldate = {14 de Abril de 2019}
}
@misc{Resolucao3De2002,
	author = {CNE, Conselho Nacional de Educação},
	editor = {Ministério da Educação},
	title = {Resolução CNE/CP 3 de 18 de Dezembro de 2002},
	subtitle = {Institui as Diretrizes Curriculares Nacionais Gerais para a organização e o funcionamento dos cursos superiores de tecnologia.},
	date = {2002}
}


%%%%%%%%%%%%%
%% LIVROS  %%
%%%%%%%%%%%%%
@book{cormen2009,
	title={Introduction to algorithms},
	author={Cormen, Thomas H. and Leiserson, Charles E and Rivest, Ronald L. and Stein, Clifford},
	year={2009},
	publisher={MIT press}
}
@article{silva2007estrutura,
	title={Estrutura de Dados e Algoritmos Usando C},
	author={Silva, Osmar Q. da},
	journal={Rio de Janeiro: Ciência Moderna},
	year={2007}
}
@book{szwarcfiter1994estruturas,
	title={Estruturas de Dados e seus Algoritmos},
	author={Szwarcfiter, Jayme L. and Markenzon, Lilian},
	volume={2},
	year={1994},
	publisher={Livros Técnicos e Científicos}
}
@article{ascencio2010,
	title={Estruturas de Dados: algoritmos, análise da complexidade e implementações em JAVA e C/C++},
	author={Ascencio, Ana Fernanda G. and Araújo, Graziela S. de},
	journal={São Paulo: Perarson Prentice Halt},
	volume={3},
	year={2010}
}
@book{lafore2004estruturas,
	title={Estruturas de dados \& Algoritmos em Java},
	author={Lafore, Robert and Machado, Eveline V.},
	year={2004},
	publisher={Ciência Moderna}
}
@article{gil2002elaborar,
	title={Como elaborar projetos de pesquisa},
	author={Gil, Antonio C.},
	journal={São Paulo},
	volume={5},
	number={61},
	pages={16--17},
	year={2002}
}
@book{koche2016fundamentos,
	title={Fundamentos de metodologia científica},
	author={Köche, José C.},
	year={2016},
	publisher={Editora Vozes}
}
@book{Andrade2005introduccao,
	title={Introdução à metodologia do trabalho científico: elaboração de trabalhos na graduação},
	author={Andrade, Maria M. de and de Andrade Martins, João A.},
	year={2005},
	publisher={Atlas}
}
@book{wazlawick2017metodologia,
	title={Metodologia de pesquisa para ciência da computação},
	author={Wazlawick, Raul},
	volume={2},
	year={2017},
	publisher={Elsevier Brasil}
}
@book{aquino2017escrever,
	title={Como escrever artigos científicos},
	author={Aquino, Italo de Souza},
	year={2017},
	publisher={Editora Saraiva}
}
@book{pressman2016engenharia,
	title={Engenharia de Software},
	author={Pressman, Roger and Maxim, Bruce},
	volume={8},
	year={2016},
	publisher={McGraw Hill Brasil}
}
@book{sommerville2011engenharia,
	title={Engenharia de software},
	author={Sommerville, I.},
	year={2011},
	publisher={Pearson Brasil}
}
@book{prikladnicki2014metodos,
	title={Métodos ágeis para desenvolvimento de software},
	author={Prikladnicki, Rafael and Willi, Renato and Milani, Fabiano},
	year={2014},
	publisher={Bookman Editora}
}
@book{de2003engenharia,
	title={Engenharia de software},
	author={de Pádua Paula Filho, Wilson},
	volume={2},
	year={2003},
	publisher={LTC}
}
@book{hirama2012engenharia,
	title={Engenharia de software: qualidade e produtividade com tecnologia},
	author={Hirama, Kechi},
	year={2012},
	publisher={Elsevier Brasil}
}
@book{engholm2010engenharia,
	title={Engenharia de software na prática},
	author={Engholm Jr, Hélio},
	year={2010},
	publisher={Novatec Editora}
}
@book{barbetta2004estatistica,
	title={Estatística: para cursos de engenharia e informática},
	author={Barbetta, Pedro Alberto and Reis, Marcelo Menezes and Bornia, Antonio Cezar},
	volume={3},
	year={2004},
	publisher={Atlas São Paulo}
}
@book{farberestatistica,
	title={Estatística Aplicada},
	author={Farber, E. and Larson, R.},
	publisher={Pearson Brasil},
	volume={4},
	year={2016}
}
@book{rios2006teste,
	title={Teste de software},
	author={Rios, Emerson and Moreira, Trayah{\'u}},
	year={2006},
	publisher={Alta Books Editora}
}
@book{booch2012uml,
	title={UML: guia do usu{\'a}rio},
	author={Booch, Grady and Rumbaugh, James and Jacobson, Ivar},
	year={2012},
	publisher={Elsevier Brasil}
}

@book{larman2007utilizando,
	title={Utilizando UML e padr{\~o}es},
	author={Larman, Craig},
	year={2007},
	publisher={Bookman Editora}
}
@article{wazlawick2011analise,
	title={An{\'a}lise e projeto de sistemas de informa{\c{c}}{\~a}o orientados a objetos},
	author={Wazlawick, Raul Sidnei},
	year={2011},
	publisher={Elsevier Editora}
}
@book{moreira1999teorias,
	title={Teorias de aprendizagem},
	author={Moreira, Marco Antonio},
	volume={2},
	year={1999},
	publisher={Editora pedag{\'o}gica e universit{\'a}ria S{\~a}o Paulo}
}
@book{Peirce1977,
	title={Semiótica},
	author={Peirce, Charles S.},
	year={1977},
	edition={4},
	publisher={Perspectiva}
}

@INPROCEEDINGS{Ellson03graphvizand,
	author = {John Ellson and Emden R. Gansner and Eleftherios Koutsofios and Stephen C. North and Gordon Woodhull},
	title = {Graphviz and dynagraph – static and dynamic graph drawing tools},
	booktitle = {GRAPH DRAWING SOFTWARE},
	year = {2003},
	pages = {127--148},
	publisher = {Springer-Verlag}
}